<record><leader>00000cas a2200000 a 4500</leader><controlfield tag="001">12026206</controlfield><controlfield tag="008">850513d18901891ksuwr ne      0    0eng d</controlfield><datafield ind1=" " ind2=" " tag="010"><subfield code="a">sn 85030300 </subfield></datafield><datafield ind1=" " ind2=" " tag="040"><subfield code="a">KSH</subfield><subfield code="b">eng</subfield><subfield code="c">KSH</subfield><subfield code="d">NPT</subfield><subfield code="d">OCL</subfield><subfield code="d">OCLCQ</subfield></datafield><datafield ind1=" " ind2=" " tag="042"><subfield code="a">msc</subfield></datafield><datafield ind1="0" ind2="0" tag="245"><subfield code="a">Farmers' signal.</subfield></datafield><datafield ind1=" " ind2=" " tag="260"><subfield code="a">Osawatomie, Kan. :</subfield><subfield code="b">[s.n.],</subfield><subfield code="c">1890-1891.</subfield></datafield><datafield ind1=" " ind2=" " tag="300"><subfield code="a">2 v. :</subfield><subfield code="b">ill. ;</subfield><subfield code="c">60 cm.</subfield></datafield><datafield ind1=" " ind2=" " tag="310"><subfield code="a">Weekly</subfield></datafield><datafield ind1="0" ind2=" " tag="362"><subfield code="a">Vol. 1, no. 1 (May 8, 1890)-v. 2, no. 7 (June 26, 1891).</subfield></datafield><datafield ind1=" " ind2=" " tag="500"><subfield code="a">Published in Paola, Kan., Feb. 13-June 26, 1891.</subfield></datafield><datafield ind1=" " ind2=" " tag="500"><subfield code="a">Published by: Hall &amp; Carter, Dec. 19, 1890-&lt;Jan. 30, 1891&gt;; Miami Printing Co., Feb. 13-Apr. 3, 1891; N.W. Wells &amp; Co., Apr. 10-June 26, 1891.</subfield></datafield><datafield ind1=" " ind2=" " tag="500"><subfield code="a">"Farmers' Alliance and Industrial Union."</subfield></datafield><datafield ind1=" " ind2=" " tag="500"><subfield code="a">Supplements included.</subfield></datafield><datafield ind1=" " ind2=" " tag="752"><subfield code="a">United States</subfield><subfield code="b">Kansas</subfield><subfield code="c">Miami</subfield><subfield code="d">Osawatomie.</subfield></datafield><datafield ind1=" " ind2=" " tag="752"><subfield code="a">United States</subfield><subfield code="b">Kansas</subfield><subfield code="c">Miami</subfield><subfield code="d">Paola.</subfield></datafield><datafield ind1="0" ind2="4" tag="785"><subfield code="t">Paola times</subfield><subfield code="w">(DLC)sn 85030321</subfield></datafield></record>